@article{carroll2003macroeconomic,
  title={Macroeconomic expectations of households and professional forecasters},
  author={Carroll, Christopher D},
  journal={the Quarterly Journal of economics},
  volume={118},
  number={1},
  pages={269--298},
  year={2003},
  publisher={MIT Press}
}