@INCOLLECTION{carroll:epidemicinflSFI,
  author =	 {Carroll, Christopher D.},
  title =	 {The {E}pidemiology of {M}acroeconomic {E}xpectations},
  booktitle =	 {The Economy as an Evolving Complex System, III},
  publisher =	 {Oxford University Press},
  year =	 2006,
  editor =	 {Blume, Larry and Durlauf, Steven},
  url =		 {https://github.com/llorracc/EpidemiologyOfMacro/blob/main/EpidemiologySFI.pdf}
}

